
@article{rfc5764,
  title = {Datagram {{Transport Layer Security}} ({{DTLS}}) {{Extension}} to {{Establish Keys}} for the {{Secure Real}}-Time {{Transport Protocol}} ({{SRTP}})},
  author = {McGrew, D. and Rescorla, E.},
  date = {2010-05},
  pages = {1--26},
  publisher = {{RFC Editor}},
  institution = {{RFC Editor}},
  location = {{Fremont, CA, USA}},
  issn = {2070-1721},
  doi = {10.17487/RFC5764},
  abstract = {This document describes a Datagram Transport Layer Security (DTLS) extension to establish keys for Secure RTP (SRTP) and Secure RTP Control Protocol (SRTCP) flows. DTLS keying happens on the media path, independent of any out-of-band signalling channel present. [STANDARDS-TRACK]},
  annotation = {Updated by RFC 7983},
  howpublished = {RFC 5764 (Proposed Standard)},
  key = {RFC 5764},
  keywords = {secure rtp control protocol,srtcp},
  number = {5764},
  organization = {{RFC Editor}},
  series = {Internet {{Request}} for {{Comments}}},
  type = {RFC}
}
